<?xml version='1.0' encoding='UTF-8'?>
<record xmlns="http://www.loc.gov/MARC21/slim">
  <leader>01519cam a2200325 a 4500</leader>
  <controlfield tag="001">2757141</controlfield>
  <controlfield tag="003">NjP</controlfield>
  <controlfield tag="005">20171010173311.0</controlfield>
  <controlfield tag="008">900223m19541955iq            000 0carard</controlfield>
  <datafield tag="024" ind1="7" ind2=" ">
    <subfield code="a">princeton_aco003148</subfield>
    <subfield code="2">local</subfield>
  </datafield>
  <datafield ind1=" " ind2=" " tag="035">
    <subfield code="a">(OCoLC)ocn178247397</subfield>
  </datafield>
  <datafield ind1=" " ind2=" " tag="035">
    <subfield code="a">(OCoLC)ocm21116504</subfield>
  </datafield>
  <datafield ind1=" " ind2=" " tag="040">
    <subfield code="a">IXA</subfield>
    <subfield code="c">PUL</subfield>
    <subfield code="d">PUL</subfield>
  </datafield>
  <datafield ind1=" " ind2=" " tag="035">
    <subfield code="a">(OCoLC)178247397</subfield>
  </datafield>
  <datafield ind1=" " ind2=" " tag="035">
    <subfield code="9">CNF0943TS</subfield>
  </datafield>
  <datafield ind1=" " ind2=" " tag="035">
    <subfield code="a">(NjP)2757141</subfield>
  </datafield>
  <datafield ind1=" " ind2=" " tag="079">
    <subfield code="a">ocm21116504</subfield>
  </datafield>
  <datafield ind1=" " ind2=" " tag="049">
    <subfield code="a">PULL</subfield>
  </datafield>
  <datafield ind1="1" ind2=" " tag="100">
    <subfield code="6">880-01</subfield>
    <subfield code="a">Shubbar, ʻAbd Allāh ibn Muḥammad Riḍā,</subfield>
    <subfield code="d">1774 or 1775-1826 or 1827.</subfield>
    <subfield code="0">http://id.loc.gov/authorities/names/n84028208</subfield>
  </datafield>
  <datafield ind1="1" ind2="0" tag="245">
    <subfield code="6">880-02</subfield>
    <subfield code="a">Jalāʼ al-ʻuyūn /</subfield>
    <subfield code="c">taʼlīf ʻAbd Allāh Shubbar ; taṣaddá li-taṣḥīḥihi wa-al-taʻlīq ʻalayhi ʻAlī ibn Muḥammad ibn ʻAlī ibn Ḥusayn ibn ʻAbd Allāh.</subfield>
  </datafield>
  <datafield ind1=" " ind2=" " tag="260">
    <subfield code="6">880-03</subfield>
    <subfield code="a">al-Najaf :</subfield>
    <subfield code="b">al-Maṭbaʻah al-Ḥaydarīyah,</subfield>
    <subfield code="c">1954-1955.</subfield>
  </datafield>
  <datafield ind1=" " ind2=" " tag="300">
    <subfield code="a">3 v. ;</subfield>
    <subfield code="c">24 cm.</subfield>
  </datafield>
  <datafield ind1=" " ind2=" " tag="500">
    <subfield code="a">In Arabic.</subfield>
  </datafield>
  <datafield ind1=" " ind2="0" tag="650">
    <subfield code="a">Hadith.</subfield>
  </datafield>
  <datafield ind1=" " ind2="0" tag="650">
    <subfield code="a">Shīʻah.</subfield>
    <subfield code="0">http://id.loc.gov/authorities/subjects/sh85121390</subfield>
  </datafield>
  <datafield ind1=" " ind2="0" tag="650">
    <subfield code="a">Muslims</subfield>
    <subfield code="v">Biography.</subfield>
    <subfield code="0">http://id.loc.gov/authorities/subjects/sh2008108148</subfield>
  </datafield>
  <datafield ind1="1" ind2=" " tag="880">
    <subfield code="6">100-01/r</subfield>
    <subfield code="a">شبر، عبد الله بن محمد رضا،</subfield>
    <subfield code="d">1774 or 1775-1826 or 1827.</subfield>
  </datafield>
  <datafield ind1="1" ind2="0" tag="880">
    <subfield code="6">245-02/r</subfield>
    <subfield code="a">جلاء العيون /</subfield>
    <subfield code="c">تأليف عبد الله شبر ؛ تصدى لتصحيحه والتعليق عليه علي بن محمد بن علي بن حسين بن عبد الله.</subfield>
  </datafield>
  <datafield ind1=" " ind2=" " tag="880">
    <subfield code="6">260-03/r</subfield>
    <subfield code="a">النجف :</subfield>
    <subfield code="b">المطبعة الحيدرية،</subfield>
    <subfield code="c">1954-1955.</subfield>
  </datafield>
  <datafield ind1=" " ind2=" " tag="911">
    <subfield code="a">20000130</subfield>
  </datafield>
  <datafield ind1=" " ind2=" " tag="994">
    <subfield code="a">C0</subfield>
    <subfield code="b">PUL</subfield>
  </datafield>
  <datafield ind1=" " ind2=" " tag="999">
    <subfield code="a">2757141</subfield>
  </datafield>
  <datafield ind1="0" ind2="1" tag="852">
    <subfield code="0">3067903</subfield>
    <subfield code="b">rcppa</subfield>
    <subfield code="t">1</subfield>
    <subfield code="h">BP193.27</subfield>
    <subfield code="i">.S583 1954</subfield>
    <subfield code="x">tr fr nec</subfield>
  </datafield>
  <datafield ind1=" " ind2="0" tag="866">
    <subfield code="0">3067903</subfield>
    <subfield code="8">0</subfield>
    <subfield code="a">v.1-3</subfield>
  </datafield>
  <datafield ind1=" " ind2=" " tag="959">
    <subfield code="a">2009-07-07 12:02:11 -0400</subfield>
  </datafield>
</record>
